@inproceedings{PUFAnalysis,
  author    = {Stefan Katzenbeisser and
               {\"{U}}nal Ko{\c{c}}abas and
               Vladimir Rozic and
               Ahmad{-}Reza Sadeghi and
               Ingrid Verbauwhede and
               Christian Wachsmann},
  editor    = {Emmanuel Prouff and
               Patrick Schaumont},
  title     = {{PUFs: Myth, Fact or Busted? {A} Security Evaluation of Physically
               Unclonable Functions (PUFs) Cast in Silicon}},
  booktitle = {Proceedings of the 14th International Cryptographic Hardware and Embedded Systems - {CHES} 2012},
  series    = {Lecture Notes in Computer Science},
  volume    = {7428},
  pages     = {283--301},
  publisher = {Springer},
  year      = {2012},
}

@inproceedings{MajzoobiKP08,
  author    = {Mehrdad Majzoobi and
               Farinaz Koushanfar and
               Miodrag Potkonjak},
  editor    = {Douglas Young and
               Nur A. Touba},
  title     = {Testing Techniques for Hardware Security},
  booktitle = {2008 {IEEE} International Test Conference, {ITC} 2008},
  pages     = {1--10},
  publisher = {{IEEE}},
  year      = {2008},
  url       = {http://dx.doi.org/10.1109/TEST.2008.4700636},
  doi       = {10.1109/TEST.2008.4700636},
  timestamp = {Mon, 06 Feb 2012 16:52:36 +0100},
  biburl    = {http://dblp.uni-trier.de/rec/bib/conf/itc/MajzoobiKP08},
  bibsource = {dblp computer science bibliography, http://dblp.org}
}

@inproceedings{RF-DNA,
  author    = {Gerald DeJean and
               Darko Kirovski},
  editor    = {Pascal Paillier and
               Ingrid Verbauwhede},
  title     = {{RF-DNA:} Radio-Frequency Certificates of Authenticity},
  booktitle = {Proceedings of the 9th Workshop on Cryptographic Hardware and Embedded Systems - {CHES} 2007},
  series    = {Lecture Notes in Computer Science},
  volume    = {4727},
  pages     = {346--363},
  publisher = {Springer},
  year      = {2007},
}
	
@inproceedings{LatchPUF,
    abstract = {{A 128b 6.3pJ/b, 96\%-stable chip-ID generation circuit using process variation is designed in a 0.13mum CMOS technology. The circuit consumes 162nW from a 1V supply at low readout frequencies and 6.34muW at 1 Mb/s. Two layout techniques are designed and fabricated to provide a performance comparison of power consumption and ID reliability}},
    author = {Su, Ying and Holleman, Jeremy and Otis, Brian P.},
    booktitle = {International Solid-State Circuits Conference (ISSCC)},
    citeulike-article-id = {9989001},
    citeulike-linkout-0 = {http://dx.doi.org/10.1109/ISSCC.2007.373466},
    citeulike-linkout-1 = {http://ieeexplore.ieee.org/xpls/abs\_all.jsp?arnumber=4242437},
    doi = {10.1109/ISSCC.2007.373466},
    isbn = {1-4244-0853-9},
    issn = {0193-6530},
    keywords = {puf},
    month = feb,
    pages = {406--611},
    posted-at = {2011-11-04 16:40:34},
    priority = {2},
    publisher = {IEEE},
    title = {{A 1.6pJ/bit 96\% Stable Chip-ID Generating Circuit using Process Variations}},
    url = {http://dx.doi.org/10.1109/ISSCC.2007.373466},
    year = {2007}
}

@book{national1993Counterfeit,
  title={Counterfeit Deterrent Features for the Next-Generation Currency Design},
  author={Committee on Next-Generation Currency Design, Commission on Engineering and Technical Systems, National Research Council},
  isbn={9780309050289},
  url={http://www.nap.edu/openbook.php?record_id=2267},
  year={1993},
  publisher={The National Academies Press}
}

@article{AntiCounterfeiting,
author = {D. W. Bauder},
title = {{An Anti - Counterfeiting Concept for Currency Systems}},
year = {1983},
masid = {4137586}
}

@article{PaperPUF,
  author       = {James D. R. Buchanan and Russell P. Cowburn and Ana-Vanessa Jausovec and Doroth{\'{e}}e Petit and Peter Seem and Gang Xiong and Del Atkinson and Kate Fenton and Dan A. Allwood and Matthew T. Bryan},
  title        = {Forgery: `Fingerprinting' Documents and Packaging},
  journal      = {Nature},
  volume       = {436},
  number       = {7050},
  pages        = {475},
  month        = {July},
  year         = {2005},
  www_section  = {PUFs},  
  url          = {http://www.ingeniatechnology.com/docs/download.php?file=FingerprintingDocumentsAndPackaging.pdf},
  abstract     = {},
}

@incollection {CD-PUF,
   author = {Hammouri, Ghaith and Dana, Aykutlu and Sunar, Berk},
   affiliation = {Worcester Polytechnic Institute CRIS Lab 100 Institute Road Worcester MA 01609-2280},
   title = {CDs Have Fingerprints Too},
   booktitle = {Cryptographic Hardware and Embedded Systems - CHES 2009},
   series = {Lecture Notes in Computer Science},
   editor = {Clavier, Christophe and Gaj, Kris},
   publisher = {Springer Berlin / Heidelberg},
   isbn = {978-3-642-04137-2},
   keyword = {Computer Science},
   pages = {348-362},
   volume = {5747},
   url = {http://dx.doi.org/10.1007/978-3-642-04138-9\_25},
   note = {10.1007/978-3-642-04138-9\_25},
   year = {2009}
}

@incollection {bookspringerlink:10.1007,
   author = {Maes, Roel and Verbauwhede, Ingrid},
   affiliation = {K.U. Leuven, ESAT/COSIC and IBBT, Leuven, Belgium},
   title = {Physically Unclonable Functions: A Study on the State of the Art and Future Research Directions},
   booktitle = {Towards Hardware-Intrinsic Security},
   series = {Information Security and Cryptography},
   editor = {Sadeghi, Ahmad-Reza and Naccache, David},
   publisher = {Springer Berlin Heidelberg},
   isbn = {978-3-642-14452-3},
   keyword = {Computer Science},
   pages = {3-37},
   year = {2010}
}

@incollection {MeccaPUF, 
author = {Krishna, Aswin and Narasimhan, Seetharam and Wang, Xinmu and Bhunia, Swarup}, 
affiliation = {Case Western Reserve University, Cleveland, OH-44106 USA}, 
title = {MECCA: A Robust Low-Overhead PUF Using Embedded Memory Array}, 
booktitle = {Cryptographic Hardware and Embedded Systems - CHES 2011}, 
series = {Lecture Notes in Computer Science}, 
editor = {Preneel, Bart and Takagi, Tsuyoshi}, 
publisher = {Springer Berlin / Heidelberg}, 
isbn = {978-3-642-23950-2}, 
keyword = {Computer Science}, 
pages = {407-420}, 
volume = {6917}, 
url = {http://dx.doi.org/10.1007/978-3-642-23951-9\_27}, 
note = {10.1007/978-3-642-23951-9\_27}, 
year = {2011} 
} 

@inproceedings {DiscussionPUFproperties, 
author = {Maes, R. and Verbauwhede, I.}, 
title = {A Discussion on the Properties of Physically Unclonable Functions}, 
booktitle = {TRUST - Workshop on Security Hardware}, 
location = {Berlin, Germany},
url = {http://www.cosic.esat.kuleuven.be/publications/talk-191.pdf}, 
year = {2010},
} 

@inproceedings{CoatingPUF,
  author    = {Pim Tuyls and
               Geert Jan Schrijen and
               Boris Skoric and
               Jan van Geloven and
               Nynke Verhaegh and
               Rob Wolters},
  editor    = {Louis Goubin and
               Mitsuru Matsui},
  title     = {Read-Proof Hardware from Protective Coatings},
  booktitle = {Proceedings of the 8th International Workshop on Cryptographic Hardware and Embedded Systems - {CHES} 2006},
  series    = {Lecture Notes in Computer Science},
  volume    = {4249},
  pages     = {369--383},
  publisher = {Springer},
  year      = {2006},
}

@book{Weste:2010:CVD:1841628,
 author = {Weste, Neil and Harris, David},
 title = {CMOS VLSI Design: A Circuits and Systems Perspective},
 year = {2010},
 isbn = {0321547748, 9780321547743},
 edition = {4th},
 publisher = {Addison-Wesley Publishing Company},
 address = {USA},
} 

@TECHREPORT{Tolk:OPTPUF,
  author = {Tolk, K.M.},
  title = {{Reflective Particle Technology for Identification of Critical Components}},
  institution = {Sandia National Labs., Albuquerque, NM},
  address = {USA},
  year = {1992},
  month = AUG,
  type = {Technical Report, SAND--92-1676C; CONF-9207102--26},
  url = {http://www.osti.gov/energycitations/product.biblio.jsp?osti_id=10167323},  
}

@ARTICLE{RobustPufEnhCRS5993536, 
author={Maiti, A. and Inyoung Kim and Schaumont, P.}, 
journal={Information Forensics and Security, IEEE Transactions on}, title={A Robust Physical Unclonable Function With Enhanced Challenge-Response Set}, 
year={2012}, 
month={feb. }, 
volume={7}, 
number={1}, 
pages={333 -345}, 
keywords={CRP;PUF entropy;PUF identifier formation;PUF measurement;challenge-response pair;chip authentication mechanism;chip identifier;circuit resource;cryptographic key;enhanced CRP generation capability;enhanced challenge-response set;environmental condition;identity-mapping function;low cost FPGA platform;physical tampering;ring-oscillator PUF system model;robust physical unclonable function;security issue;statistical hypothesis test;cryptography;field programmable gate arrays;statistical analysis;}, 
doi={10.1109/TIFS.2011.2165540}, 
ISSN={1556-6013},
}

@article{DBLP:journalsiacrMaitiGS11,
  author    = {Abhranil Maiti and
               Vikash Gunreddy and
               Patrick Schaumont},
  title     = {A Systematic Method to Evaluate and Compare the Performance
               of Physical Unclonable Functions},
  journal   = {IACR Cryptology ePrint Archive},
  volume    = {2011},
  year      = {2011},
  pages     = {657},
  ee        = {http://eprint.iacr.org/2011/657},
  bibsource = {DBLP, http://dblp.uni-trier.de}
}

@INPROCEEDINGS{PerfEvalPUF5981324, 
author={Jouini, Z.C. and Danger, J. and Bossuet, L.}, 
booktitle={New Circuits and Systems Conference (NEWCAS), 2011 IEEE 9th International}, title={Performance Evaluation of Physically Unclonable Function by Delay Statistics}, 
year={2011}, 
month={june}, 
volume={}, 
number={}, 
pages={482 -485}, 
keywords={Arbiter PUF;CYCLONE II FPGA;Si;delay statistics;logical level;performance evaluation;physical unclonable function;delays;elemental semiconductors;field programmable gate arrays;silicon;}, 
doi={10.1109/NEWCAS.2011.5981324}, 
ISSN={},}

@misc{pufataque,
author = {Ulrich Rhrmair and Frank Sehnke and Jan Slter and Gideon Dror and Srinivas Devadas and Jrgen Schmidhuber},
title = {Modeling Attacks on Physical Unclonable Functions},
howpublished = {Cryptology ePrint Archive, Report 2010/251},
year = {2010},
note = {\url{http://eprint.iacr.org/}},
}

@inproceedings{SuhDevadas2007,
  author    = {G. Edward Suh and
               Srinivas Devadas},
  title     = {Physical Unclonable Functions for Device Authentication and Secret
               Key Generation},
  booktitle = {Proceedings of the 44th Design Automation Conference, {DAC} 2007},
  pages     = {9--14},
  publisher = {{IEEE}},
  year      = {2007},
}

@inproceedings{puf-tristate,
  author    = {Erdin{\c{c}} {\"{O}}zt{\"{u}}rk and
               Ghaith Hammouri and
               Berk Sunar},
  title     = {Physical unclonable function with tristate buffers},
  booktitle = {International Symposium on Circuits and Systems {(ISCAS} 2008)},
  pages     = {3194--3197},
  publisher = {{IEEE}},
  year      = {2008},
}

@article{MajzoobiKP09,
  author    = {Mehrdad Majzoobi and
               Farinaz Koushanfar and
               Miodrag Potkonjak},
  title     = {Techniques for Design and Implementation of Secure Reconfigurable
               PUFs},
  journal   = {{TRETS}},
  volume    = {2},
  number    = {1},
  year      = {2009},
}

@article{1479939,
 author = {Alkabani, Yousra and Koushanfar, Farinaz and Kiyavash, Negar and Potkonjak, Miodrag},
 title = {Trusted Integrated Circuits: A Nondestructive Hidden Characteristics Extraction Approach},
 book = {Information Hiding: 10th International Workshop, IH 2008, Santa Barbara, CA, USA, May 19-21, 2008, Revised Selected Papers},
 year = {2008},
 isbn = {978-3-540-88960-1},
 pages = {102--117},
 doi = {http://dx.doi.org/10.1007/978-3-540-88961-8_8},
 publisher = {Springer-Verlag},
 address = {Berlin, Heidelberg},
 }

@inproceedings{RfidPUF,
  author    = {Leonid Bolotnyy and
               Gabriel Robins},
  title     = {Physically Unclonable Function-Based Security and Privacy in {RFID}
               Systems},
  booktitle = {5th Annual {IEEE} International Conference on Pervasive Computing
               and Communications (PerCom 2007)},
  pages     = {211--220},
  publisher = {{IEEE} Computer Society},
  year      = {2007},
  url       = {http://dx.doi.org/10.1109/PERCOM.2007.26},
  doi       = {10.1109/PERCOM.2007.26},
  timestamp = {Fri, 07 Dec 2007 17:51:14 +0100},
  biburl    = {http://dblp.uni-trier.de/rec/bib/conf/percom/BolotnyyR07},
  bibsource = {dblp computer science bibliography, http://dblp.org}
}
 
@article{GassendDCTDT08,
  author    = {Blaise Gassend and
               Marten van Dijk and
               Dwaine E. Clarke and
               Emina Torlak and
               Srinivas Devadas and
               Pim Tuyls},
  title     = {Controlled physical random functions and applications},
  journal   = {{ACM} Trans. Inf. Syst. Secur.},
  volume    = {10},
  number    = {4},
  year      = {2008},
} 

@inproceedings{LightweightPuf,
author = {Ghaith Hammouri and Erdin\c{c} {\"O}zt{\"u}rk and Berk Birand and Berk Sunar},
title = {Unclonable Lightweight Authentication Scheme},
booktitle = {ICICS},
year = {2008},
pages = {33-48},
ee = {http://dx.doi.org/10.1007/978-3-540-88625-9_3},
crossref = {DBLP:conf/icics/2008},
bibsource = {DBLP, http://dblp.uni-trier.de}
}

@inproceedings{952593,
 author = {Gassend, Blaise and Clarke, Dwaine and van Dijk, Marten and Devadas, Srinivas},
 title = {Delay-Based Circuit Authentication and Applications},
 booktitle = {SAC '03: Proceedings of the 2003 ACM Symposium on Applied Computing},
 year = {2003},
 isbn = {1-58113-624-2},
 pages = {294--301},
 location = {Melbourne, Florida},
 doi = {http://doi.acm.org/10.1145/952532.952593},
 publisher = {ACM},
 address = {New York, NY, USA},
 }

@inproceedings{Guajardo2007,
 author = {Guajardo, Jorge and Kumar, Sandeep S. and Schrijen, Geert-Jan and Tuyls, Pim},
 title = {FPGA Intrinsic PUFs and Their Use for IP Protection},
 booktitle = {CHES '07: Proceedings of the 9th International Workshop on Cryptographic Hardware and Embedded Systems},
 year = {2007},
 isbn = {978-3-540-74734-5},
 pages = {63--80},
 location = {Vienna, Austria},
 doi = {http://dx.doi.org/10.1007/978-3-540-74735-2_5},
 publisher = {Springer-Verlag},
 address = {Berlin, Heidelberg},
 }

@article{1458842,
 author = {Hammouri, Ghaith and \"{O}zt\"{u}rk, Erdin\c{c} and Sunar, Berk},
 title = {A Tamper-Proof and Lightweight Authentication Scheme},
 journal = {Pervasive Mob. Comput.},
 volume = {4},
 number = {6},
 year = {2008},
 issn = {1574-1192},
 pages = {807--818},
 doi = {http://dx.doi.org/10.1016/j.pmcj.2008.07.001},
 publisher = {Elsevier Science Publishers B. V.},
 address = {Amsterdam, The Netherlands, The Netherlands},
 }

@inproceedings{puftrng,
  author = {Abhranil Maiti and Raghunandan Nagesh and Anand Reddy and Patrick Schaumont},
  title = {Physical Unclonable Function and True Random Number Generator: a Compact and Scalable Implementation},
  booktitle = {ACM Great Lakes Symposium on VLSI},
  year = {2009},
  pages = {425-428},
  ee = {http://doi.acm.org/10.1145/1531542.1531639},
  bibsource = {DBLP, http://dblp.uni-trier.de}
}


@inproceedings{LeeLGSDD_PUFSecretKey_VLSI04,
  author = {Jae W. Lee and Daihyun Lim and Blaise Gassend and G. Edward Suh and Marten van Dijk and Srinivas Devadas},
  title = {A Technique to Build a Secret Key in Integrated Circuits for Identification and Authentication Application},
  pages = {176--159},
  booktitle = {Proceedings of the Symposium on VLSI Circuits (VLSI 2004)},
  year = {2004},
  publisher = {},
  url = {http://people.csail.mit.edu/suh/papers/vlsi04.pdf},
}

@article{PappuRTG_PhysicalOneWayFunctions_SCIENCE02,
  author = {Ravikanth S. Pappu and Ben Recht and Jason Taylor and Niel Gershenfeld},
  title = {Physical One-Way Functions},
  pages = {2026--2030},
  journal = {Science},
  volume = {297},
  number = {},
  year = {2002},
  www_section = {PUFs},
  url = {http://web.media.mit.edu/~brecht/papers/02.PapEA.powf.pdf},
}
@phdthesis{Pappu_PhysicalOneWayFunctions_PHD01,
  author = {Ravikanth S. Pappu},
  title = {Physical One-Way Functions},
  school = {Massachusetts Institute of Technology},
  month = {March},
  year = {2001},
  www_section = {PUFs},
  url = {http://pubs.media.mit.edu/pubs/papers/01.03.pappuphd.powf.pdf},
}

@inproceedings{GassendCDD_CCSC02,
  author    = {Blaise Gassend and
               Dwaine E. Clarke and
               Marten van Dijk and
               Srinivas Devadas},
  editor    = {Vijayalakshmi Atluri},
  title     = {Silicon physical random functions},
  booktitle = {Proceedings of the 9th {ACM} Conference on Computer and Communications
               Security -- {CCS} 2002},
  pages     = {148--160},
  publisher = {{ACM}},
  year      = {2002},
}

@INPROCEEDINGS{incremental-2003,
  title = {Incremental Multiset Hash Functions and Their Application to Memory Integrity Checking},
  author = {Dwaine Clarke and Srinivas Devadas and Marten van Dijk and Blaise Gassend and G. Edward Suh},
  booktitle = {Advances in Cryptology - ASIACRYPT 2003},
  pages = {188--207},
  series = {LNCS},
  publisher = {Springer Berlin / Heidelberg},
  month = {november},
  year = {2003}
}
@PHDTHESIS{phd-thesis,
  author = {Blaise Gassend},
  title = {{A Fully Microfabricated Two-Dimensional Electrospray Array with Applications to Space Propulsion}},
  school = {Massachusetts Institute of Technology},
  year = {2007},
  month = MAY,
  urlps = {http://gassend.net/publications/PhDThesisAFullyMicrofabricatedTwo-DimensionalElectrosprayArrayWithApplicationsToSpacePropulsion.ps},
  pdf = {http://gassend.net/publications/PhDThesisAFullyMicrofabricatedTwo-DimensionalElectrosprayArrayWithApplicationsToSpacePropulsion.pdf}
}

@INPROCEEDINGS{gassend-JPC06,
  author = {{B. Gassend and L. F. Velasquez-Garcia and P. Lozano and A. I. Akinwande and M. Martinez-Sanchez}},
  title = {{A Microfabricated Electrospray Thruster using Ridge Emitters and Ceramic-Ball Extractor Location}},
  booktitle = {Proceedings of the 42$^{nd}$ AIAA/ASME/SAE/ASEE Joint Propulsion Conference and Exhibit},
  month = JUL,
  year = 2006
}
@INPROCEEDINGS{gassend-JPC07,
  author = {{B. Gassend and L. F. Velasquez-Garcia and P. Lozano and A. I. Akinwande and M. Martinez-Sanchez}},
  title = {{A Fully Integrated Microfabricated Externally Wetted Electrospray Thruster}},
  booktitle = {Proceedings of the 43$^{rd}$ AIAA/ASME/SAE/ASEE Joint Propulsion Conference and Exhibit},
  month = JUL,
  year = 2007
}
@ARTICLE{lim-VLSI2005,
  author = {{D. Lim and J. W. Lee and B. Gassend and G. E. Suh and M. van Dijk and S. Devadas}},
  title = {{Extracting Secret Keys From Integrated Circuits}},
  volume = 13,
  number = 10,
  pages = {1200--1205},
  month = OCT,
  year = 2005,
  journal = {IEEE Transactions on Very Large Scale Integration (VLSI)
    Systems},
  publisher = {IEEE}
}

@INPROCEEDINGS{IcIdentification, 
author = {Keith Lofstrom and W. Robert Daasch and Donald Taylor}, 
title = {IC Identification Circuit Using Device Mismatch}, 
booktitle = {In Proceedings of ISSCC 2000}, 
year = {2000}, 
pages = {372--373} 
}

@MastersThesis{ArbiterPUF-master-thesis, 
author = {Daihyun Lim}, 
title = {{Extracting Secret Keys from Integrated Circuits}}, 
school = {MIT}, 
address = {USA}, 
year = {2004}, 
}

@article{GassendLCDD04,
  author    = {Blaise Gassend and
               Daihyun Lim and
               Dwaine E. Clarke and
               Marten van Dijk and
               Srinivas Devadas},
  title     = {Identification and authentication of integrated circuits},
  journal   = {Concurrency - Practice and Experience},
  volume    = {16},
  number    = {11},
  pages     = {1077--1098},
  year      = {2004},
}

@INPROCEEDINGS{Lim-VLSI2004,
  title = {A technique to build a secret key in integrated circuits for identification and authentication applications},
  author = {J. W. Lee and Daihyun Lim and B. Gassend and G. E. Suh and M. van Dijk and S. Devadas},
  year = 2004,
  month = JUN,
  pages = {{176--179}},
  booktitle = {VLSI Circuits, 2004. Digest of Technical Papers}
}

@MASTERSTHESIS{masters-thesis,
  author = {Blaise Gassend},
  title = {{Physical Random Functions}},
  school = {Massachusetts Institute of Technology},
  year = {2003},
  month = JAN,
  urlps = {http://gassend.net/publications/MastersThesisPhysicalRandomFunctions.ps},
  pdf = {http://gassend.net/publications/MastersThesisPhysicalRandomFunctions.pdf}
}

@INPROCEEDINGS{keycard,
  author = {Blaise Gassend and Dwaine Clarke and Marten van Dijk and Srinivas Devadas},
  title = {{Delay-Based Circuit Authentication and Applications}},
  booktitle = {Proc. of the 18th Annual ACM Symposium on Applied Computing},
  pdf = {http://gassend.net/publications/DelayBasedCircuitAuthenticationAndApplications.pdf},
  urlps = {http://gassend.net/publications/DelayBasedCircuitAuthenticationAndApplications.ps},
  month = {March},
  year = {2003}
}
@INPROCEEDINGS{hashtree,
  author = {Blaise Gassend and Dwaine Clarke and G. Edward Suh and Marten van Dijk and Srinivas Devadas},
  title = {{Caches and Hash Trees for Efficient Memory Integrity Verification}},
  booktitle = {Proc. of the Ninth International Symposium on High Performance Computer Architecture (HPCA-9)},
  pdf = {http://gassend.net/publications/CachesAndHashTreesForMemoryVerification.pdf},
  urlps = {http://gassend.net/publications/CachesAndHashTreesForMemoryVerification.ps},
  month = {Feburary},
  year = {2003}
}

@inproceedings{GassendCDD02,
  author    = {Blaise Gassend and
               Dwaine E. Clarke and
               Marten van Dijk and
               Srinivas Devadas},
  title     = {Controlled Physical Random Functions},
  booktitle = {18th Annual Computer Security Applications Conference {(ACSAC} 2002)},
  pages     = {149--160},
  publisher = {{IEEE} Computer Society},
  year      = {2002},
}

@INPROCEEDINGS{untrustedcomputer,
  pdf = {http://gassend.net/publications/CameraBasedAuthentication.pdf},
  urlps = {http://gassend.net/publications/CameraBasedAuthentication.ps},
  author = {Dwaine Clarke and Blaise Gassend and Thomas Kotwal and Matt Burnside and Marten van Dijk and Srinivas and Ronald Rivest},
  title = {{The Untrusted Computer Problem and Camera-Based Authentication}},
  booktitle = {Pervasive Computing},
  month = {August},
  year = {2002},
  series = {LNCS},
  pages = {114--124},
  publisher = {Springer-Verlag}
}
@TECHREPORT{stage-option,
  author = {Blaise Gassend},
  title = {{The Geometry of Interaction and Interaction Nets in Hardware}},
  institution = {Ecole Polytechnique},
  address = {Palaiseau, France},
  year = {2001},
  month = JUL,
  type = {Rapport de Stage d'Option Scientifique},
  urlps = {http://gassend.net/publications/PuttingTheGeometryOfInteractionIntoHardware.ps},
  pdf = {http://gassend.net/publications/PuttingTheGeometryOfInteractionIntoHardware.pdf}
}

@article{SRAMPUF,
  author    = {Daniel E. Holcomb and
               Wayne P. Burleson and
               Kevin Fu},
  title     = {Power-Up {SRAM} State as an Identifying Fingerprint and Source of
               True Random Numbers},
  journal   = {{IEEE} Trans. Computers},
  volume    = {58},
  number    = {9},
  pages     = {1198--1210},
  year      = {2009},
}

@inproceedings{butterflyPUF,
  author    = {Sandeep S. Kumar and
               Jorge Guajardo and
               Roel Maes and
               Geert Jan Schrijen and
               Pim Tuyls},
  editor    = {Mohammad Tehranipoor and
               Jim Plusquellic},
  title     = {The Butterfly {PUF:} Protecting {IP} on every {FPGA}},
  booktitle = {{IEEE} International Workshop on Hardware-Oriented Security and Trust,
               {HOST} 2008},
  pages     = {67--70},
  publisher = {{IEEE} Computer Society},
  year      = {2008},
}

@inproceedings{ThresholdPUF, 
author = {Lin, Lang and Holcomb, Daniel E. and Krishnappa, Dilip Kumar and Shabadi, Prasad and Burleson, Wayne}, 
title = {{Design Optimization and Security Validation of Sub-Threshold PUFs}}, 
booktitle = {Proceedings of the Secure Component and System Identification Workshop (SECSI) 2010}, 
year = {2010}, 
location = {Cologne, DE} 
} 


@misc{patent:magneticPUF,
 title     = {Method and Apparatus for Fingerprinting Magnetic Media},
 number    = {5365586},
 author    = {Indeck, Ronald S. and Muller, Marcel W.},
 year      = {1994},
 month     = {November},
 howpublished = {\url{http://www.freepatentsonline.com/5365586.html}}
}

@article{Wang:2011:IAB:1966831.1966838,
 author = {Wang, Lina and Jiang, Xiaqiu and Lian, Shiguo and Hu, Donghui and Ye, Dengpan},
 title = {Image Authentication Based on Perceptual Hash Using Gabor Filters},
 journal = {Soft Comput.},
 issue_date = {March 2011},
 volume = {15},
 number = {3},
 month = mar,
 year = {2011},
 issn = {1432-7643},
 pages = {493--504},
 numpages = {12},
 url = {http://dx.doi.org/10.1007/s00500-009-0529-7},
 doi = {10.1007/s00500-009-0529-7},
 acmid = {1966838},
 publisher = {Springer-Verlag},
 address = {Berlin, Heidelberg},
 keywords = {Gabor filter, Image authentication, Perceptual hash, Reference metrics},
} 



@inproceedings{ThresholdPUF2, 
author = {Lin, Lang and Holcomb, Dan and Krishnappa, Dilip Kumar and Shabadi, Prasad and Burleson, Wayne}, 
title = {Low-Power Sub-Threshold Design of Secure Physical Unclonable Functions}, 
booktitle = {Proceedings of the 16th ACM/IEEE International Symposium on Low Power Electronics and Design}, 
series = {ISLPED 2010}, 
year = {2010}, 
isbn = {978-1-4503-0146-6}, 
location = {Austin, Texas, USA}, 
pages = {43--48}, 
numpages = {6}, 
url = {http://doi.acm.org/10.1145/1840845.1840855}, 
doi = {http://doi.acm.org/10.1145/1840845.1840855}, 
acmid = {1840855}, 
publisher = {ACM}, 
address = {New York, NY, USA}, 
keywords = {RFID, embedded system security, physical unclonable function, sub-threshold circuits}, 
}

@inproceedings{HelinskiAP09,
  author    = {Ryan Helinski and
               Dhruva Acharyya and
               Jim Plusquellic},
  title     = {A physical unclonable function defined using power distribution system
               equivalent resistance variations},
  booktitle = {Proceedings of the 46th Design Automation Conference, {DAC} 2009},
  pages     = {676--681},
  publisher = {{ACM}},
  year      = {2009},
}

@inproceedings{glitchPUF,
  author    = {Daisuke Suzuki and
               Koichi Shimizu},
  editor    = {Stefan Mangard and
               Fran{\c{c}}ois{-}Xavier Standaert},
  title     = {The Glitch {PUF:} {A} New Delay-PUF Architecture Exploiting Glitch
               Shapes},
  booktitle = {Proceedings of the 12th International Workshop on Cryptographic Hardware and Embedded Systems, {CHES} 2010},
  series    = {Lecture Notes in Computer Science},
  volume    = {6225},
  pages     = {366--382},
  publisher = {Springer},
  year      = {2010},
}

@Misc{pufrfid,
  Author         = {Verayo Trusted Silicon},
  Title          = {Unclonable {RFIDs} - Trusted, Secure, Low Cost RFIDs},
  Note           = {acessado 14/07/2010,
                   \url{http://www.verayo.com/product/pufrfid.html}},
  year           = 2010
}

@Misc{sopcuserguide,
  Author         = {Altera Corporation},
  Title          = {SOPC Builder - User Guide},
  Note           = {acessado 15/04/2011,
                   \url{http://www.altera.com/literature/ug/ug_sopc_builder.pdf}},
  year           = 2010
}
@Misc{sopcdocumentation,
  Author         = {Altera Corporation},
  Title          = {Documentation: SOPC Builder},
  Note           = {acessado 15/04/2011,
                   \url{http://www.altera.com/literature/lit-sop.jsp}},
  year           = 2011
}

@Misc{alteraIpcores,
  Author         = {Altera Corporation},
  Title          = {Altera University Program - IP Cores},
  Note           = {acessado 25/10/2011,
                   \url{ftp://ftp.altera.com/up/pub/Altera_Material/11.0/}},
  year           = 2011
}

@Misc{alteraAvalon,
  Author         = {Altera Corporation},
  Title          = {Avalon Interface Specifications},
  Note           = {acessado 25/10/2011,
                   \url{http://www.altera.com/literature/manual/mnl_avalon_spec.pdf}},
  year           = 2011
}

@book{tanenbaum,
 author = {Tanenbaum, Andrew},
 title = {Computer Networks},
 year = {2002},
 isbn = {0130661023},
 publisher = {Prentice Hall Professional Technical Reference},
}

@inproceedings{DBLP:conf/ches/YuMSD11,
  author    = {Meng{-}Day (Mandel) Yu and
               David M'Ra{\"{\i}}hi and
               Richard Sowell and
               Srinivas Devadas},
  editor    = {Bart Preneel and
               Tsuyoshi Takagi},
  title     = {Lightweight and Secure {PUF} Key Storage Using Limits of Machine Learning},
  booktitle = {Proceedings of the 13th International Workshop on Cryptographic Hardware and Embedded Systems - {CHES} 2011},
  series    = {Lecture Notes in Computer Science},
  volume    = {6917},
  pages     = {358--373},
  publisher = {Springer},
  year      = {2011},
}

@inproceedings{BitlinePUF,
  author    = {Daniel E. Holcomb and
               Kevin Fu},
  editor    = {Lejla Batina and
               Matthew Robshaw},
  title     = {Bitline {PUF:} Building Native Challenge-Response {PUF} Capability
               into Any {SRAM}},
  booktitle = {Proceedings of the 16th International
               Workshop on Cryptographic Hardware and Embedded Systems {(CHES 2014)}},
  series    = {Lecture Notes in Computer Science},
  volume    = {8731},
  pages     = {510--526},
  publisher = {Springer},
  year      = {2014},
}

@inproceedings{RuhrmairSSDDS10,
  author    = {Ulrich R{\"{u}}hrmair and
               Frank Sehnke and
               Jan S{\"{o}}lter and
               Gideon Dror and
               Srinivas Devadas and
               J{\"{u}}rgen Schmidhuber},
  editor    = {Ehab Al{-}Shaer and
               Angelos D. Keromytis and
               Vitaly Shmatikov},
  title     = {Modeling attacks on physical unclonable functions},
  booktitle = {Proceedings of the 17th {ACM} Conference on Computer and Communications
               Security {(CCS 2010)}},
  pages     = {237--249},
  publisher = {{ACM}},
  year      = {2010},
}

@inproceedings{RuhrmairD13,
  author    = {Ulrich R{\"{u}}hrmair and
               Marten van Dijk},
  title     = {PUFs in Security Protocols: Attack Models and Security Evaluations},
  booktitle = {2013 {IEEE} Symposium on Security and Privacy, {SP} 2013},
  pages     = {286--300},
  publisher = {{IEEE} Computer Society},
  year      = {2013},
}

@Misc{Scipy,
  author =    {Eric Jones and Travis Oliphant and Pearu Peterson and others},
  title =     {{SciPy}: Open source scientific tools for {Python}},
  year =      {2001},
  url = {"http://www.scipy.org/"},
  note = {[Online; accessed 2015-03-02]}
}

@Manual{Rstat,
    title = {R: A Language and Environment for Statistical Computing},
    author = {{R Core Team}},
    organization = {R Foundation for Statistical Computing},
    address = {Vienna, Austria},
    year = {2014},
    url = {http://www.R-project.org/},
  }

@Misc{Vsim,
  author = {{Mentor Gaphics}},
  title = {{Modelsim}: {ASIC} and {FPGA} design},
  howpublished = {\url{http://www.mentor.com/}},
  note = {[Online; accessed 2015-03-02]}
}

@inproceedings{HBNS13,
  author    = {Clemens Helfmeier and
               Christian Boit and
               Dmitry Nedospasov and
               Jean{-}Pierre Seifert},
  title     = {Cloning Physically Unclonable Functions},
  booktitle = {2013 {IEEE} International Symposium on Hardware-Oriented Security
               and Trust, {HOST} 2013},
  pages     = {1--6},
  publisher = {{IEEE} Computer Society},
  year      = {2013},
}

@inproceedings{TajikDFSNHBD14,
  author    = {Shahin Tajik and
               Enrico Dietz and
               Sven Frohmann and
               Jean{-}Pierre Seifert and
               Dmitry Nedospasov and
               Clemens Helfmeier and
               Christian Boit and
               Helmar Dittrich},
  editor    = {Lejla Batina and
               Matthew Robshaw},
  title     = {Physical Characterization of Arbiter PUFs},
  booktitle = {Proceedings of the 16th International Workshop on Cryptographic Hardware and Embedded Systems - {CHES} 2014},
  series    = {Lecture Notes in Computer Science},
  volume    = {8731},
  pages     = {493--509},
  publisher = {Springer},
  year      = {2014},
}

@article{correction,
  author = {Meng-Dayi Yu and Srinivas Devadas},
  title = {{Secure and Robust Error Correction for Physical Unclonable Functions}},
  journal = {Design \& Test},
  publisher = {IEEE},
  volume = {99},
  year = {March 2013}
}

@inproceedings{jefferson,
  author = {Jefferson Capovilla and Mario Cortes and Guido Araujo},
  title = {{Improving the Statistical Variability of Delay-based Physical Unclonable Functions}},
  booktitle = {28th Symposium on Integrated Circuits and Systems Design},
  year = {August 2015},
}

@inproceedings{dppuf,
  author    = {Miodrag Potkonjak and
               Saro Meguerdichian and
               Ani Nahapetian and
               Sheng Wei},
  title     = {Differential public physically unclonable functions: architecture
               and applications},
  booktitle = {{DAC}},
  pages     = {242--247},
  publisher = {{ACM}},
  year      = {2011}
}

@inproceedings{BeckmannP09,
  author    = {Nathan Beckmann and
               Miodrag Potkonjak},
  title     = {Hardware-Based Public-Key Cryptography with Public Physically Unclonable
               Functions},
  booktitle = {Information Hiding},
  series    = {Lecture Notes in Computer Science},
  volume    = {5806},
  pages     = {206--220},
  publisher = {Springer},
  year      = {2009}
}

@inproceedings{rprop,
  author    = {Martin Riedmiller and 
                Heinrich Braun},
  title     = {A direct adaptive method for faster backpropagation learning: the RPROP algorithm},
  booktitle = {Proceedings of the 1993 IEEE International Conference on Neural Networks},
  volume    = {1},
  pages     = {586--591},
  publisher = {IEE},
  year      = {1993}
}
